@online{http_messages,
	title = {HTTP Messages},
	urldate = {2023-11-29},
	url = {https://developer.mozilla.org/en-US/docs/Web/HTTP/Messages}
}

@online{web_server,
	title = {What is a web server?},
	urldate = {2023-11-29},
	url = {https://developer.mozilla.org/en-US/docs/Learn/Common_questions/Web_mechanics/What_is_a_web_server}
}

@online{url,
	title = {What is a URL?},
	urldate = {2023-11-29},
	url = {https://developer.mozilla.org/en-US/docs/Learn/Common_questions/Web_mechanics/What_is_a_URL}
}

@online{docker,
	title = {Docker: Accelerated Container Application Development},
	urldate = {2023-11-29},
	url = {https://www.docker.com/}
}

@online{nginx,
	title = {NGINX: Advanced Load Balancer, Web Server, Reverse Proxy},
	urldate = {2023-11-29},
	url = {https://www.nginx.com/}
}

@online{ab,
	title = {ab - Apache HTTP server benchmarking tool},
	urldate = {2023-11-29},
	url = {https://httpd.apache.org/docs/2.4/programs/ab.html}
}

@online{http,
	title = {HTTP},
	urldate = {2023-11-29},
	url = {https://developer.mozilla.org/en-US/docs/Glossary/HTTP}
}

@online{valgrind,
	title = {Valgrind Home},
	urldate = {2023-11-29},
	url = {https://valgrind.org/}
}
